@inproceedings{corrigangibbs2015riposte,
  title={Riposte: An Anonymous Messaging System Handling Millions Of users},
  author={Corrigan-Gibbs, Henry and Boneh, Dan and Mazi{\`e}res, David},
  booktitle={Proceedings of the 36th IEEE Symposium on Security and Privacy},
  year={2015},
}


%%%%%%%%%%%%%%%%%%%%%%%%%%%%%%%%%%%%%%%%%%%%%%%%%%%%%%%%%%%%%%%%%%%%%%%%%%%%%%%
@inproceedings{gilboa2014distributed,
  title={Distributed point functions and their applications},
  author={Gilboa, Niv and Ishai, Yuval},
  booktitle={EUROCRYPT 2014: Proceedigns of the 33rd Annual International
    Conference on the Theory and Applications of Cryptographic Techniques},
  year={2014},
}

@inproceedings{boyle2015function,
  author="Boyle, Elette
    and Gilboa, Niv
    and Ishai, Yuval",
  title="Function Secret Sharing",
  bookTitle="EUROCRYPT 2015: Proceedings of the 34th Annual International
    Conference on the Theory and Applications of Cryptographic Techniques",
  year="2015",
}

@inproceedings{boyle2016function,
  author="Boyle, Elette
    and Gilboa, Niv
    and Ishai, Yuval",
  title="Function Secret Sharing: Improvements and Extenstions",
  booktitle="ACM CCS 2016: Proceedings of the 23rd ACM Conference on Computer
    and Communications Security",
  year="2016",
}


%%%%%%%%%%%%%%%%%%%%%%%%%%%%%%%%%%%%%%%%%%%%%%%%%%%%%%%%%%%%%%%%%%%%%%%%%%%%%%%
@article{chor1998private,
  title={Private information retrieval},
  author={Chor, Benny and Kushilevitz, Eyal and Goldreich, Oded and Sudan, Madhu},
  journal={Journal of the ACM (JACM)},
  volume={45},
  number={6},
  year={1998},
  publisher={ACM}
}

@inproceedings{ostrovsky1997private,
  title={Private information storage},
  author={Ostrovsky, Rafail and Shoup, Victor},
  booktitle={ACM TOC 1997: Proceedings of the 29th annual ACM symposium on Theory of computing},
  year={1997},
}

@article{chaum1981untraceable,
 author = {Chaum, David},
 title = {Untraceable Electronic Mail, Return Addresses, and Digital Pseudonyms},
 journal = {Communications of the ACM},
 volume = {24},
 number = {2},
 year = {1981},
 url = {http://doi.acm.org/10.1145/358549.358563},
}

@techreport{dingledine2004tor,
  title={Tor: The second-generation onion router},
  author={Dingledine, Roger and Mathewson, Nick and Syverson, Paul},
  year={2004},
  institution={DTIC Document}
}
