@misc{collision-resistance,
	author = {Rogaway, Phillip and Shrimpton, Thomas},
  title = {Cryptographic
	  Hash-Function Basics: Definitions, Implications, and Separations for Preimage
		Resistance, Second-Preimage Resistance, and Collision Resistance},
  year = {2004}
}

@article{telephone,
  title={Coin flipping by telephone: a protocol for solving impossible problems},
  author={Blum, Emanuel},
  journal={ACM SIGACT News},
  volume={15},
  number={1},
  pages={23--27},
  year={1983}
}

@inproceedings{games,
  title={The security of triple encryption and a framework for code-based game-playing proofs},
  author={Bellare, Mihir and Rogaway, Phillip},
  booktitle={Annual International Conference on the Theory and Applications of Cryptographic Techniques},
  pages={409--426},
  year={2006},
  organization={Springer}
}

@inproceedings{protos,
  title={Entity authentication and key distribution},
  author={Bellare, Mihir and Rogaway, Phillip},
  booktitle={Annual International Cryptology Conference},
  pages={232--249},
  year={1993},
  organization={Springer}
}

@book{oded,
  title={Foundations of cryptography},
  author={Goldreich, Oded},
  year={2009},
  publisher={Cambridge university press}
}

@inproceedings{poly1305,
  title={The Poly1305-AES message-authentication code},
  author={Bernstein, Daniel J},
  booktitle={International Workshop on Fast Software Encryption},
  pages={32--49},
  year={2005},
  organization={Springer}
}

@inproceedings{riposte,
  title={Riposte: An anonymous messaging system handling millions of users},
  author={Corrigan-Gibbs, Henry and Boneh, Dan and Mazi{\`e}res, David},
  booktitle={2015 IEEE Symposium on Security and Privacy},
  pages={321--338},
  year={2015},
  organization={IEEE}
}

@inproceedings{dpf,
  title={Distributed point functions and their applications},
  author={Gilboa, Niv and Ishai, Yuval},
  booktitle={Annual International Conference on the Theory and Applications of
    Cryptographic Techniques},
  pages={640--658},
  year={2014},
  organization={Springer}
}

@inproceedings{dpf-multi-server,
  author="Barkol, Omer
  and Ishai, Yuval
  and Weinreb, Enav",
  editor="Charikar, Moses
  and Jansen, Klaus
  and Reingold, Omer
  and Rolim, Jos{\'e} D. P.",
  title="On Locally Decodable Codes, Self-correctable Codes, and t-Private PIR",
  bookTitle="Approximation, Randomization, and Combinatorial Optimization.
    Algorithms and Techniques: 10th International Workshop, APPROX 2007, and
    11th International Workshop, RANDOM 2007, Princeton, NJ, USA, August 20-22,
  2007. Proceedings",
  year="2007",
  publisher="Springer Berlin Heidelberg",
  address="Berlin, Heidelberg",
  pages="311--325",
  isbn="978-3-540-74208-1",
  doi="10.1007/978-3-540-74208-1_23",
  url="http://dx.doi.org/10.1007/978-3-540-74208-1_23"
}


@article{pir,
  title={Private information retrieval},
  author={Chor, Benny and Kushilevitz, Eyal and Goldreich, Oded and Sudan, Madhu},
  journal={Journal of the ACM (JACM)},
  volume={45},
  number={6},
  pages={965--981},
  year={1998},
  publisher={ACM}
}

@unpublished{pir-kws,
  title={Private information retrieval by keywords},
  author={Chor, Benny and Gilboa, Niv and Naor, Moni},
  note={TR CS0917, Dept. of Computer Science, Technion},
  year={1997},
}

@inproceedings{pir-single-server,
  title={Replication is not needed: Single database, computationally-private information retrieval},
  author={Kushilevitz, Eyal and Ostrovsky, Rafail},
  booktitle={Proceedings of the 48th  Symposium on Foundations of Computer
    Science (FOCS'97)},
  volume={97},
  pages={364--373},
  year={1997}
}

@inproceedings{pis,
  title={Private information storage},
  author={Ostrovsky, Rafail and Shoup, Victor},
  booktitle={Proceedings of the twenty-ninth annual ACM symposium on Theory of computing},
  pages={294--303},
  year={1997},
  organization={ACM}
}

@article{mix-nets,
 author = {Chaum, David},
 title = {Untraceable Electronic Mail, Return Addresses, and Digital Pseudonyms},
 journal = {Commun. ACM},
 issue_date = {Feb. 1981},
 volume = {24},
 number = {2},
 month = feb,
 year = {1981},
 issn = {0001-0782},
 pages = {84--90},
 numpages = {7},
 url = {http://doi.acm.org/10.1145/358549.358563},
 doi = {10.1145/358549.358563},
 acmid = {358563},
 publisher = {ACM},
 address = {New York, NY, USA},
 keywords = {digital signatures, electronic mail, privacy, public key
	cryptosystems, security, traffic analysis},
}

@Article{dc-nets,
author="Chaum, David",
title="The dining cryptographers problem: Unconditional sender and recipient untraceability",
journal="Journal of Cryptology",
year="1988",
volume="1",
number="1",
pages="65--75",
abstract="Keeping confidential who sends which messages, in a world where any
  physical transmission can be traced to its origin, seems impossible. The
  solution presented here is unconditionally or cryptographically secure,
  depending on whether it is based on one-time-use keys or on public keys,
  respectively. It can be adapted to address efficiently a wide variety of
  practical considerations.", issn="1432-1378",
doi="10.1007/BF00206326",
url="http://dx.doi.org/10.1007/BF00206326"
}

@techreport{tor,
  title={Tor: The second-generation onion router},
  author={Dingledine, Roger and Mathewson, Nick and Syverson, Paul},
  year={2004},
  institution={DTIC Document}
}
