@inproceedings{barak2005model,
  author = {Barak, Boaz and Halevi, Shai},
  title = {A Model and Architecture for Pseudo-random Generation with Applications to {\tt /dev/random}},
  booktitle = {CCS 2005: Proceedings of the 12th ACM Conference on Computer and Communications Security},
  year = {2005},
  url = {http://doi.acm.org/10.1145/1102120.1102148},
}

@misc{bellare2000authenticated,
  author = {Mihir Bellare and David Pointcheval and Phillip Rogaway},
  title = {Authenticated Key Exchange Secure Against Dictionary Attacks},
  howpublished = {Cryptology ePrint Archive, Report 2000/014},
  year = {2000},
  note = {\url{http://eprint.iacr.org/2000/014}},
}

@inproceedings{bellare2009hedged,
 author = {Bellare, Mihir and Brakerski, Zvika and Naor, Moni and Ristenpart,
   Thomas and Segev, Gil and Shacham, Hovav and Yilek, Scott},
 title = {Hedged Public-Key Encryption: How to Protect Against Bad Randomness},
 booktitle = {ASIACRYPT 2009: Proceedings of the 15th International Conference on the Theory and
   Application of Cryptology and Information Security},
 year = {2009},
 url = {http://dx.doi.org/10.1007/978-3-642-10366-7_14},
}

@inproceedings{bellare2016nonce,
  author="Bellare, Mihir
    and Tackmann, Bj{\"o}rn",
  title="Nonce-Based Cryptography: Retaining Security When Randomness Fails",
  bookTitle="EUROCRYPT 2016: Proceedings of the 35th Annual International
    Conference on the Theory and Applications of Cryptographic Techniques",
  year="2016",
  url="http://dx.doi.org/10.1007/978-3-662-49890-3_28"
}

@misc{boldyreva2017real,
  author = {Alexandra Boldyreva and Christopher Patton and Thomas Shrimpton},
  title = {Hedging Public-Key Encryption in the Real World},
  howpublished = {Cryptology ePrint Archive, Report 2017/510},
  year = {2017},
  note = {\url{http://eprint.iacr.org/2017/510}},
}

@inproceedings{dodis2013security,
  author = {Dodis, Yevgeniy and Pointcheval, David and Ruhault, Sylvain and Vergniaud, Damien and Wichs, Daniel},
  title = {Security Analysis of Pseudo-random Number Generators with Input: {\tt /dev/random} is Not Robust},
  booktitle = {CCS 2013: Proceedings of the 2013 ACM SIGSAC Conference on
    Computer and Communications Security},
  year = {2013},
  url = {http://doi.acm.org/10.1145/2508859.2516653},
}

@inproceedings{hoang2016selective,
  author="Hoang, Viet Tung
    and Katz, Jonathan
    and O'Neill, Adam
    and Zaheri, Mohammad",
  title="Selective-Opening Security in the Presence of Randomness Failures",
  bookTitle="ASIACRYPT 2016: Proceedings of the 22nd International
    Conference on the Theory and Application of Cryptology and Information
    Security",
  year="2016",
  url="https://doi.org/10.1007/978-3-662-53890-6_10"
}

@inproceedings{shrimpton2015provable,
  author = {Thomas Shrimpton and R. Seth Terashima},
  title = {A Provable Security Analysis of {{I}}ntel's {{S}}ecure {{K}}ey
    {{RNG}}},
  booktitle = {EUROCRYPT 2015: Proceedings of the 34th Annual International Conference on the
    Theory and Applications of Cryptographic Techniques},
  year = {2015},
}
